    @manual{Nebarnix:2016,
      title  = "\textbf{NOAA POES TIP Demodulation}",
      author = "Jasper Nance",
      note   = "\url{http://wiki.nebarnix.com/wiki/NOAA_POES_TIP_Demodulation}",
      year   = "2016 (accessed April 30, 2019)"
    }
    @manual{Adam-9A4QV:2015,
      title  = "\textbf{DIY 137 MHz WX SAT V-dipole antenna}",
      author = "Adam-9A4QV",
      note   = "\url{https://lna4all.blogspot.com/2017/02/diy-137-mhz-wx-sat-v-dipole-antenna.html}",
      year   = "2015 (accessed April 30, 2019)"
    }
    
